<record><leader>00000cas a22000007a 4500</leader><controlfield tag="001">16932850</controlfield><controlfield tag="008">871103d19uu1910ohudn ne      0    0eng d</controlfield><datafield ind1=" " ind2=" " tag="010"><subfield code="a">sn 87075185 </subfield></datafield><datafield ind1=" " ind2=" " tag="040"><subfield code="a">ONP</subfield><subfield code="b">eng</subfield><subfield code="c">ONP</subfield><subfield code="d">OCLCQ</subfield></datafield><datafield ind1=" " ind2=" " tag="042"><subfield code="a">msc</subfield></datafield><datafield ind1="0" ind2="0" tag="245"><subfield code="a">Pomeroy daily Independent.</subfield></datafield><datafield ind1=" " ind2=" " tag="260"><subfield code="a">Pomeroy, Ohio :</subfield><subfield code="b">Thos. Turnbull</subfield></datafield><datafield ind1=" " ind2=" " tag="310"><subfield code="a">Daily (except Sat.)</subfield></datafield><datafield ind1="1" ind2=" " tag="362"><subfield code="a">Ceased in 1910?</subfield></datafield><datafield ind1=" " ind2=" " tag="580"><subfield code="a">Weekly edition: Independent (Pomeroy, Ohio).</subfield></datafield><datafield ind1=" " ind2=" " tag="588"><subfield code="a">Description based on: 3rd year, no. 63 (Aug. 24, 1909).</subfield></datafield><datafield ind1=" " ind2=" " tag="752"><subfield code="a">United States</subfield><subfield code="b">Ohio</subfield><subfield code="c">Meigs</subfield><subfield code="d">Pomeroy.</subfield></datafield><datafield ind1="1" ind2=" " tag="775"><subfield code="t">Independent (Pomeroy, Ohio)</subfield><subfield code="w">(DLC)sn 87075186</subfield></datafield><datafield ind1="0" ind2="0" tag="785"><subfield code="t">Daily news (Pomeroy, Ohio)</subfield><subfield code="w">(DLC)sn 87075193</subfield></datafield></record>